<record><leader>00000cas a22000007a 4500</leader><controlfield tag="001">15028364</controlfield><controlfield tag="008">861231d189u19uualuwr ne      0    0eng d</controlfield><datafield ind1=" " ind2=" " tag="010"><subfield code="a">sn 86050481 </subfield></datafield><datafield ind1=" " ind2=" " tag="040"><subfield code="a">AAR</subfield><subfield code="b">eng</subfield><subfield code="c">AAR</subfield><subfield code="d">CPN</subfield><subfield code="d">OCLCQ</subfield></datafield><datafield ind1="0" ind2=" " tag="130"><subfield code="a">Weekly Montgomery journal (Montgomery, Ala.)</subfield></datafield><datafield ind1="1" ind2="4" tag="245"><subfield code="a">The Weekly Montgomery journal.</subfield></datafield><datafield ind1=" " ind2=" " tag="260"><subfield code="a">Montgomery, Ala. :</subfield><subfield code="b">[s.n.]</subfield></datafield><datafield ind1=" " ind2=" " tag="300"><subfield code="a">v.</subfield></datafield><datafield ind1=" " ind2=" " tag="310"><subfield code="a">Weekly</subfield></datafield><datafield ind1=" " ind2=" " tag="588"><subfield code="a">Description based on: Vol. 6, no. 20 (Mar. 16, 1900).</subfield></datafield><datafield ind1=" " ind2=" " tag="752"><subfield code="a">United States</subfield><subfield code="b">Alabama</subfield><subfield code="c">Montgomery</subfield><subfield code="d">Montgomery.</subfield></datafield><datafield ind1="0" ind2=" " tag="775"><subfield code="t">Montgomery journal (Montgomery, Ala.)</subfield><subfield code="w">(DLC)sn 86050482</subfield></datafield></record>